@book{Goodfellow2016,
  author    = {Goodfellow, Ian and Bengio, Yoshua and Courville, Aaron},
  title     = {Deep Learning},
  publisher = {MIT Press},
  year      = {2016},
  pages     = {800},
  language  = {english}
}

@book{Chollet2017,
  author    = {Chollet, François},
  title     = {Deep Learning with Python},
  publisher = {Manning Publications},
  year      = {2017},
  pages     = {384},
  language  = {english}
}

@online{SpringFramework,
  title     = {Spring Framework Documentation},
  url       = {https://docs.spring.io/spring-framework/docs/current/reference/html/},
  urldate   = {2025-03-05},
  language  = {english}
}

@online{MySQL,
  title     = {MySQL 8.0 Reference Manual},
  url       = {https://dev.mysql.com/doc/refman/8.0/en/},
  urldate   = {2025-03-04},
  language  = {english}
}

@online{TensorFlow,
  title     = {TensorFlow Documentation},
  url       = {https://www.tensorflow.org},
  urldate   = {2025-03-06},
  language  = {english}
}

@online{FreeMarker,
  title     = {FreeMarker Manual},
  url       = {https://freemarker.apache.org/docs/},
  urldate   = {2025-03-07},
  language  = {english}
}

@online{Phoenix_Contact,
  title     = {Phoenix Contact – Контроллер},
  url       = {https://www.phoenixcontact.com/ru-pc/otrasli-promyshlennosti/plcnext-technology},
  urldate   = {2025-03-07},
  language  = {russian}
}

@online{SCADA,
  title     = {SCADA системы. Основы проектирования и разработки},
  url       = {https://www.scada.ru/ru/documentation/},
  urldate   = {2025-03-07},
  language  = {russian}
}